<record><leader>00000cas a2200000 a 4500</leader><controlfield tag="001">34303826</controlfield><controlfield tag="008">960304d19521970fludn ne      0    0eng c</controlfield><datafield ind1=" " ind2=" " tag="010"><subfield code="a">sn 96027208 </subfield></datafield><datafield ind1=" " ind2=" " tag="040"><subfield code="a">FUG</subfield><subfield code="b">eng</subfield><subfield code="c">FUG</subfield><subfield code="d">OCLCQ</subfield><subfield code="d">OCLCF</subfield><subfield code="d">OCLCO</subfield></datafield><datafield ind1=" " ind2=" " tag="012"><subfield code="i">9603</subfield></datafield><datafield ind1="1" ind2=" " tag="029"><subfield code="a">AU@</subfield><subfield code="b">000025919792</subfield></datafield><datafield ind1=" " ind2=" " tag="042"><subfield code="a">pcc</subfield></datafield><datafield ind1=" " ind2=" " tag="043"><subfield code="a">n-us-fl</subfield></datafield><datafield ind1="0" ind2=" " tag="130"><subfield code="a">Panama City herald (Panama City, Fla. : 1952)</subfield></datafield><datafield ind1="1" ind2="0" tag="245"><subfield code="a">Panama City herald.</subfield></datafield><datafield ind1="1" ind2=" " tag="246"><subfield code="i">Issued on Sunday as:</subfield><subfield code="a">Panama City news-herald</subfield></datafield><datafield ind1=" " ind2=" " tag="260"><subfield code="a">Panama City, Fla. :</subfield><subfield code="b">Bay County Publishers,</subfield><subfield code="c">1952-1970.</subfield></datafield><datafield ind1=" " ind2=" " tag="300"><subfield code="a">18 v.</subfield></datafield><datafield ind1=" " ind2=" " tag="310"><subfield code="a">Daily (except Saturday)</subfield></datafield><datafield ind1="0" ind2=" " tag="362"><subfield code="a">Vol. 36, no. 262 (Oct. 31, 1952)- ; -v. 26, no. 86 (Apr. 30, 1970).</subfield></datafield><datafield ind1=" " ind2="0" tag="651"><subfield code="a">Panama City (Fla.)</subfield><subfield code="v">Newspapers.</subfield></datafield><datafield ind1=" " ind2="0" tag="651"><subfield code="a">Bay County (Fla.)</subfield><subfield code="v">Newspapers.</subfield></datafield><datafield ind1=" " ind2="7" tag="655"><subfield code="a">Newspapers.</subfield><subfield code="2">fast</subfield><subfield code="0">(OCoLC)fst01423814</subfield></datafield><datafield ind1=" " ind2="7" tag="651"><subfield code="a">Florida</subfield><subfield code="z">Bay County.</subfield><subfield code="2">fast</subfield><subfield code="0">(OCoLC)fst01213144</subfield></datafield><datafield ind1=" " ind2="7" tag="651"><subfield code="a">Florida</subfield><subfield code="z">Panama City.</subfield><subfield code="2">fast</subfield><subfield code="0">(OCoLC)fst01206062</subfield></datafield><datafield ind1=" " ind2=" " tag="752"><subfield code="a">United States</subfield><subfield code="b">Florida</subfield><subfield code="c">Bay</subfield><subfield code="d">Panama City.</subfield></datafield><datafield ind1="0" ind2="1" tag="780"><subfield code="t">Panama City news-herald</subfield><subfield code="w">(DLC)sn 96027207</subfield><subfield code="w">(OCoLC)34303825</subfield></datafield><datafield ind1="0" ind2="7" tag="785"><subfield code="t">Panama City news</subfield><subfield code="w">(DLC)sn 96027209</subfield><subfield code="w">(OCoLC)34303827</subfield></datafield><datafield ind1="0" ind2="7" tag="785"><subfield code="t">News-herald (Panama City, Fla. : 1970)</subfield><subfield code="w">(DLC)sn 96027210</subfield><subfield code="w">(OCoLC)34303828</subfield></datafield><datafield ind1=" " ind2=" " tag="850"><subfield code="a">FU</subfield></datafield></record>